<?xml version="1.0" encoding="UTF-8"?><collection xmlns="http://www.loc.gov/MARC21/slim"><record><leader>00401nam--2200121-i-4500</leader><controlfield tag="001">000020211</controlfield><controlfield tag="002">20161230</controlfield><controlfield tag="005">20161230201033</controlfield><controlfield tag="008">060222s1000------------r-----000-0-eng-d</controlfield><datafield ind1=" " ind2=" " tag="080"><subfield code="a">007(023)</subfield></datafield><datafield ind1=" " ind2=" " tag="245"><subfield code="a">Elaborarea si folosirea tezaurului national politematic pentru inmagazinarea si regasirea informatiilor documentare</subfield></datafield><datafield ind1=" " ind2=" " tag="260"><subfield code="a">Bucuresti, Institutul National De Informare, 1973. 178 P</subfield></datafield><datafield ind1=" " ind2=" " tag="852"><subfield code="a">76093</subfield></datafield></record></collection>